<?xml version="1.0" encoding="UTF-8"?><collection xmlns="http://www.loc.gov/MARC21/slim"><record><leader>00448nam--2200145-i-4500</leader><controlfield tag="001">000008210</controlfield><controlfield tag="002">20161230</controlfield><controlfield tag="005">20161230201027</controlfield><controlfield tag="008">060222s1000------------r-----000-0-eng-d</controlfield><datafield ind1=" " ind2=" " tag="080"><subfield code="a">539.172</subfield></datafield><datafield ind1=" " ind2=" " tag="100"><subfield code="a">Abaschi,Hamadi</subfield></datafield><datafield ind1=" " ind2=" " tag="245"><subfield code="a">Etude de la reaction   ca(n, ( ar.courbe d-excitation de 2,90 a 5,l3 mev.distribution angulaire a 2,9o, 3,28 et 5,l3 mev</subfield></datafield><datafield ind1=" " ind2=" " tag="260"><subfield code="a">Lyon, Institut De Physique Nucleaire, 1967 115p</subfield></datafield><datafield ind1=" " ind2=" " tag="490"><subfield code="a">6755</subfield></datafield><datafield ind1=" " ind2=" " tag="852"><subfield code="a">23853</subfield></datafield></record></collection>